<?xml version="1.0" encoding="UTF-8"?><collection xmlns="http://www.loc.gov/MARC21/slim"><record><leader>00474nam--2200169-i-4500</leader><controlfield tag="001">000012058</controlfield><controlfield tag="002">20161230</controlfield><controlfield tag="005">20161230201029</controlfield><controlfield tag="008">060222s1000------------r-----000-0-fre-d</controlfield><datafield ind1=" " ind2=" " tag="041"><subfield code="a">fre</subfield></datafield><datafield ind1=" " ind2=" " tag="080"><subfield code="a">531.19(075.8)</subfield></datafield><datafield ind1="1" ind2=" " tag="100"><subfield code="a">F.G.-m</subfield></datafield><datafield ind1="1" ind2="0" tag="245"><subfield code="a">Cours de mechanique</subfield><subfield code="b">Suivi d'un recueil de probelemes pour la classe de mathematiques</subfield><subfield code="c">F.g.-m</subfield></datafield><datafield ind1=" " ind2=" " tag="260"><subfield code="a">Tours</subfield><subfield code="b">Maison Alfred Mame Et Fils</subfield><subfield code="c">1912</subfield></datafield><datafield ind1=" " ind2=" " tag="300"><subfield code="a">435P</subfield></datafield><datafield ind1=" " ind2=" " tag="852"><subfield code="a">44459</subfield><subfield code="c">H.H</subfield></datafield><datafield ind1=" " ind2=" " tag="CAT"><subfield code="a">Sys</subfield><subfield code="c">20130405</subfield><subfield code="h">125203</subfield></datafield></record></collection>